@Misc{google,
key = {google},
title = {Google Shopper},
year = {2011},
howpublished = {http://www.google.com/mobile/shopper/},
}
@Misc{scanner,
key = {scanner}, 
title = {Barcode Scanner},
month = {July},
year = {2012},
howpublished = {http://code.google.com/
p/zxing/wiki/FrequentlyAskedQuestions},
}
@Misc{pricecheck,
key = {pricecheck},
title = {PriceCheck},
year = {2012},
howpublished = {http://www.pricecheck.co.za/},
}
@Misc{shopsavvy,
key = {shopsavvy},
title = {ShopSavvy},
howpublished = {http://shopsavvy.mobi/},
}
@Misc{tesseract,
key = {tesseract},
title = {Tesseract},
year = {2011},
howpublished = {http://code.google.com/p/tesseract-ocr/},
}
@Misc{zxing,
key = {zxing},
title = {ZXing},
month = {July},
year = {2012},
howpublished = {http://code.google.com/p/zxing/},
}
@Misc{gwt,
key = {gwt},
title = {Google Web Toolkit},
month = {June},
year = {2012},
howpublished = {https://developers.google.com/web-toolkit/},
}
@Misc{gae,
key = {gae},
title = {Google App Engine},
month = {July},
year = {2012},
howpublished = {https://developers.google.com/appengine/},
}
@Misc{ofy,
key = {ofy},
title = {Objectify-Appengine},
howpublished = {http://code.google.com/p/objectify-appengine/},
}
@Misc{achartengine,
key = {achartengine},
title = {AChartEngine},
howpublished = {http://www.achartengine.org/},
}
@Misc{viz,
key = {viz},
title = {GWT Visualisation API},
month = {September},
year = {2010},
howpublished = {http://code.google.com/p/gwt-google-apis/wiki/VisualizationGettingStarted},
}
@Misc{gmaps,
key = {gmaps},
title = {GWT Maps API},
month = {May},
year = {2010},
howpublished = {http://code.google.com/p/gwt-google-apis/wiki/MapsGettingStarted},
}
@Misc{amaps,
key = {amaps},
title = {Google Maps API for Android},
month = {July},
year = {2012},
howpublished = {https://developers.google.com/maps/documentation/android/},
}
@Misc{android,
key = {android},
title = {Android SDK},
month = {July},
year = {2012},
howpublished = {http://developer.android.com/sdk/index.html},
}
@Misc{cloud,
key = {cloud},
title = {Google Cloud SQL},
month = {June},
year = {2012},
howpublished = {https://developers.google.com/cloud-sql/docs/introduction},
}
@Misc{geo,
key = {geo},
title = {GWT Geolocation},
howpublished = {http://code.google.com/p/gwt-geolocation/},
}
@Misc{scatter,
key = {scatter},
title = {ScatterChart},
howpublished = {http://gwt-google-apis.googlecode.com/svn/javadoc/visualization/1.1/
com/google/gwt/visualization/client/visualizations/ScatterChart.html},
}
@Misc{mwidget,
key = {mwidget},
title = {MapWidget},
howpublished = {http://gwt-google-apis.googlecode.com/svn/
javadoc/maps/1.0/com/google/gwt/maps/client/MapWidget.html},
}
@Misc{dpanel,
key = {dpanel},
title = {DirectionsPanel},
howpublished = {http://gwt-google-apis.googlecode.com/svn/javadoc/maps/1.0/com/google/
gwt/maps/client/geocode/DirectionsPanel.html},
}
@Misc{gae-test,
key = {gae-test},
title = {Local Unit Testing for Java},
howpublished = {https://developers.google.com/appengine/docs/java/tools/localunittesting},
}
@Misc{emma,
key = {emma},
title = {Java Code Coverage for Eclipse},
howpublished = {http://www.eclemma.org/},
}
@Misc{findbugs,
key = {findbugs},
title = {FindBugs - Find Bugs in Java Programs},
howpublished = {http://findbugs.sourceforge.net/},
}
@Misc{monkey,
key = {monkey},
title = {UI/Application Exerciser Monkey},
howpublished = {http://developer.android.com/tools/help/monkey.html},
}
@Misc{runner,
key = {runner},
title = {monkeyrunner},
howpublished = {http://developer.android.com/tools/help/monkeyrunner\_concepts.html},
}
@Misc{lint,
key = {lint},
title = {lint},
howpublished = {http://developer.android.com/tools/help/lint.html},
}
@Misc{logcat,
key = {logcat},
title = {logcat},
howpublished = {http://developer.android.com/tools/help/logcat.html},
}